@inproceedings{lee2001algorithms,
  title={Algorithms for non-negative matrix factorization},
  author={Lee, Daniel D and Seung, H Sebastian},
  booktitle={Advances in neural information processing systems},
  pages={556--562},
  year={2001}
}

@inproceedings{collins2001generalization,
  title={A generalization of principal component analysis to the exponential family},
  author={Collins, Michael and Dasgupta, Sanjoy and Schapire, Robert E},
  booktitle={Nips},
  volume={13},
  pages={23},
  year={2001}
}

@article{tipping1999probabilistic,
  title={Probabilistic principal component analysis},
  author={Tipping, Michael E and Bishop, Christopher M},
  journal={Journal of the Royal Statistical Society: Series B (Statistical Methodology)},
  volume={61},
  number={3},
  pages={611--622},
  year={1999},
  publisher={Wiley Online Library}
}

@inproceedings{mohamed2009bayesian,
  title={Bayesian exponential family PCA},
  author={Mohamed, Shakir and Ghahramani, Zoubin and Heller, Katherine A},
  booktitle={Advances in neural information processing systems},
  pages={1089--1096},
  year={2009}
}

@book{murphy2012machine,
  title={Machine learning: a probabilistic perspective},
  author={Murphy, Kevin P},
  year={2012},
  publisher={MIT press}
}

@inproceedings{brubaker2012family,
  title={A family of MCMC methods on implicitly defined manifolds},
  author={Brubaker, Marcus and Salzmann, Mathieu and Urtasun, Raquel},
  booktitle={Artificial Intelligence and Statistics},
  pages={161--172},
  year={2012}
}

@book{leimkuhler2004simulating,
  title={Simulating hamiltonian dynamics},
  author={Leimkuhler, Benedict and Reich, Sebastian},
  volume={14},
  year={2004},
  publisher={Cambridge University Press}
}

@article{byrne2013geodesic,
  title={Geodesic Monte Carlo on embedded manifolds},
  author={Byrne, Simon and Girolami, Mark},
  journal={Scandinavian Journal of Statistics},
  volume={40},
  number={4},
  pages={825--845},
  year={2013},
  publisher={Wiley Online Library}
}

@article{holbrook2016bayesian,
  title={Bayesian Inference on Matrix Manifolds for Linear Dimensionality Reduction},
  author={Holbrook, Andrew and Vandenberg-Rodes, Alexander and Shahbaba, Babak},
  journal={arXiv preprint arXiv:1606.04478},
  year={2016}
}

@article{edelman200518,
  title={18.325: Finite Random Matrix Theory Volumes and Integration},
  author={Edelman, Alan},
  year={2005},
  publisher={Citeseer}
}

@book{gelman2014bayesian,
  title={Bayesian data analysis},
  author={Gelman, Andrew and Carlin, John B and Stern, Hal S and Rubin, Donald B},
  volume={2},
  year={2014},
  publisher={Chapman \& Hall/CRC Boca Raton, FL, USA}
}

@article{carpenter2016stan,
  title={Stan: A probabilistic programming language},
  author={Carpenter, Bob and Gelman, Andrew and Hoffman, Matt and Lee, Daniel and Goodrich, Ben and Betancourt, Michael and Brubaker, Michael A and Guo, Jiqiang and Li, Peter and Riddell, Allen},
  journal={Journal of Statistical Software},
  volume={20},
  year={2016}
}

@inproceedings{kucukelbir2014fully,
  title={Fully automatic variational inference of differentiable probability models},
  author={Kucukelbir, Alp and Ranganath, Rajesh and Gelman, Andrew and Blei, David},
  booktitle={NIPS Workshop on Probabilistic Programming},
  year={2014}
}

@book{meyer2000matrix,
  title={Matrix analysis and applied linear algebra},
  author={Meyer, Carl D},
  volume={2},
  year={2000},
  publisher={Siam}
}

@book{muirhead2009aspects,
  title={Aspects of multivariate statistical theory},
  author={Muirhead, Robb J},
  volume={197},
  year={2009},
  publisher={John Wiley \& Sons}
}